@article{huang2022survey,
  title={A survey on trajectory-prediction methods for autonomous driving},
  author={Huang, Yanjun and Du, Jiatong and Yang, Ziru and Zhou, Zewei and Zhang, Lin and Chen, Hong},
  journal={IEEE Transactions on Intelligent Vehicles},
  volume={7},
  number={3},
  pages={652--674},
  year={2022},
  publisher={IEEE}
}

@inproceedings{gog2021pylot,
	title={Pylot: A modular platform for exploring latency-accuracy tradeoffs in autonomous vehicles},
	author={Gog, Ionel and Kalra, Sukrit and Schafhalter, Peter and Wright, Matthew A and Gonzalez, Joseph E and Stoica, Ion},
	booktitle={2021 IEEE International Conference on Robotics and Automation (ICRA)},
	pages={8806--8813},
	year={2021},
	organization={IEEE}
}

@article{ranga2020vrunet,
	title={Vrunet: Multi-task learning model for intent prediction of vulnerable road users},
	author={Ranga, Adithya and Giruzzi, Filippo and Bhanushali, Jagdish and Wirbel, Emilie and P{\'e}rez, Patrick and Vu, Tuan-Hung and Perrotton, Xavier},
	journal={arXiv preprint arXiv:2007.05397},
	year={2020}
}

@article{arango2020drive,
	title={Drive-by-wire development process based on ros for an autonomous electric vehicle},
	author={Arango, J Felipe and Bergasa, Luis M and Revenga, Pedro A and Barea, Rafael and L{\'o}pez-Guill{\'e}n, Elena and G{\'o}mez-Hu{\'e}lamo, Carlos and Araluce, Javier and Guti{\'e}rrez, Rodrigo},
	journal={Sensors},
	volume={20},
	number={21},
	pages={6121},
	year={2020},
	publisher={MDPI}
}

@inproceedings{chang2019argoverse,
	title={Argoverse: 3d tracking and forecasting with rich maps},
	author={Chang, Ming-Fang and Lambert, John and Sangkloy, Patsorn and Singh, Jagjeet and Bak, Slawomir and Hartnett, Andrew and Wang, De and Carr, Peter and Lucey, Simon and Ramanan, Deva and others},
	booktitle={Proceedings of the IEEE/CVF conference on computer vision and pattern recognition},
	pages={8748--8757},
	year={2019}
}

@article{wilson2023argoverse,
	title={Argoverse 2: Next generation datasets for self-driving perception and forecasting},
	author={Wilson, Benjamin and Qi, William and Agarwal, Tanmay and Lambert, John and Singh, Jagjeet and Khandelwal, Siddhesh and Pan, Bowen and Kumar, Ratnesh and Hartnett, Andrew and Pontes, Jhony Kaesemodel and others},
	journal={arXiv preprint arXiv:2301.00493},
	year={2023}
}